
@misc{noauthor_cfi_nodate,
	title = {{CFI} directives ({Using} as)},
	url = {https://sourceware.org/binutils/docs/as/CFI-directives.html},
	abstract = {CFI directives (Using as)},
	urldate = {2022-05-16},
}

@misc{noauthor_guide_nodate,
	title = {Guide to x86 {Assembly}},
	url = {https://www.cs.virginia.edu/~evans/cs216/guides/x86.html},
	urldate = {2022-05-16},
}

@book{john_e._introduction_nodate,
	edition = {3rd},
	title = {Introduction to automata theory, languages, and computation},
	url = {http://ce.sharif.edu/courses/94-95/1/ce414-2/resources/root/Text%20Books/Automata/John%20E.%20Hopcroft,%20Rajeev%20Motwani,%20Jeffrey%20D.%20Ullman-Introduction%20to%20Automata%20Theory,%20Languages,%20and%20Computations-Prentice%20Hall%20(2006).pdf},
	publisher = {HMU},
	author = {John E., Hopcroft},
	note = {original-date: 2007},
}

@misc{noauthor_assembly_nodate,
	title = {assembly - {GAS}: {Explanation} of .cfi\_def\_cfa\_offset},
	shorttitle = {assembly - {GAS}},
	url = {https://stackoverflow.com/questions/7534420/gas-explanation-of-cfi-def-cfa-offset},
	language = {en},
	urldate = {2022-05-16},
	journal = {Stack Overflow},
}

@misc{noauthor_x86_nodate,
	title = {x86 - assembly cltq and movslq difference},
	url = {https://stackoverflow.com/questions/37743476/assembly-cltq-and-movslq-difference},
	language = {en},
	urldate = {2022-05-16},
	journal = {Stack Overflow},
}

@misc{noauthor_x86_nodate-1,
	title = {x86 - {What} does cltq do in assembly?},
	url = {https://stackoverflow.com/questions/6555094/what-does-cltq-do-in-assembly},
	language = {en},
	urldate = {2022-05-16},
	journal = {Stack Overflow},
}

@misc{noauthor_macos_nodate,
	title = {macos - {Why} is \%eax zeroed before a call to printf?},
	url = {https://stackoverflow.com/questions/6212665/why-is-eax-zeroed-before-a-call-to-printf},
	language = {en},
	urldate = {2022-05-16},
	journal = {Stack Overflow},
}

@misc{godbolt_compiler_nodate,
	title = {Compiler {Explorer}},
	url = {https://godbolt.org/},
	abstract = {Compiler Explorer is an interactive online compiler which shows the assembly output of compiled C++, Rust, Go (and many more) code.},
	language = {en},
	urldate = {2022-05-16},
	author = {Godbolt, Matt},
}
